<record><leader>00000cas a22000007a 4500</leader><controlfield tag="001">12033126</controlfield><controlfield tag="008">850514d19381953wiuwr ne      0    0eng d</controlfield><datafield ind1=" " ind2=" " tag="010"><subfield code="a">sn 85040603 </subfield></datafield><datafield ind1=" " ind2=" " tag="040"><subfield code="a">NPV</subfield><subfield code="b">eng</subfield><subfield code="c">NPV</subfield><subfield code="d">OCLCQ</subfield></datafield><datafield ind1=" " ind2=" " tag="042"><subfield code="a">msc</subfield></datafield><datafield ind1=" " ind2=" " tag="045"><subfield code="a">x3x5</subfield></datafield><datafield ind1=" " ind2=" " tag="052"><subfield code="a">4123</subfield><subfield code="b">W5</subfield></datafield><datafield ind1="0" ind2="4" tag="245"><subfield code="a">The Delafield gazette.</subfield></datafield><datafield ind1=" " ind2=" " tag="260"><subfield code="a">Delafield, Wis. :</subfield><subfield code="b">F.D. Boyd,</subfield><subfield code="c">-1953.</subfield></datafield><datafield ind1=" " ind2=" " tag="300"><subfield code="a">v. :</subfield><subfield code="b">ill.</subfield></datafield><datafield ind1=" " ind2=" " tag="310"><subfield code="a">Weekly</subfield></datafield><datafield ind1="0" ind2=" " tag="362"><subfield code="a">-16th year, no. 15 (Dec. 30, 1953).</subfield></datafield><datafield ind1="1" ind2=" " tag="362"><subfield code="a">Began in 1938.</subfield><subfield code="z">Cf. Oehlerts, d. E. Guide to Wis. newspapers.</subfield></datafield><datafield ind1=" " ind2=" " tag="500"><subfield code="a">Editor: F.D. Boyd, &lt;July 1946&gt;-Dec. 1952.</subfield></datafield><datafield ind1=" " ind2=" " tag="530"><subfield code="a">Available on microfilm from The State Historical Society of Wisconsin.</subfield></datafield><datafield ind1=" " ind2=" " tag="580"><subfield code="a">Merged with: Pewaukee post, and Hartland news, to form: Lake Country reporter.</subfield></datafield><datafield ind1=" " ind2=" " tag="588"><subfield code="a">Description based on: Vol. 8, no. 39 (July 4, 1946).</subfield></datafield><datafield ind1=" " ind2=" " tag="752"><subfield code="a">United States</subfield><subfield code="b">Wisconsin</subfield><subfield code="c">Waukesha</subfield><subfield code="d">Pewaukee.</subfield></datafield><datafield ind1="1" ind2="7" tag="785"><subfield code="t">Pewaukee post</subfield><subfield code="w">(DLC)sn 85040602</subfield></datafield><datafield ind1="1" ind2="7" tag="785"><subfield code="t">Hartland news</subfield><subfield code="w">(DLC)sn 85040601</subfield></datafield><datafield ind1="1" ind2="7" tag="785"><subfield code="t">Lake Country reporter</subfield><subfield code="w">(DLC)sn 85040673</subfield></datafield></record>